@incollection{hauptman2007evolution,
  title={Evolution of an efficient search algorithm for the mate-in-N problem in 
chess},
  author={Hauptman, Ami and Sipper, Moshe},
  booktitle={Genetic Programming},
  pages={78--89},
  year={2007},
  publisher={Springer}
}
@misc{gleich2003machine,
  title={Machine Learning in Computer Chess: Genetic Programming and KRK},
  author={Gleich, David},
  year={2003},
  publisher={Web: http://citeseerx. ist. psu. edu/viewdoc/download}
}
@article{mccarthy,
  title={What is artificial intelligence},
  author={McCarthy, John},
  journal={URL: http://www-formal. stanford. edu/jmc/whatisai. html},
  pages={38},
  year={2007}
}
@incollection{mccarthy1990chess,
  title={Chess as the Drosophila of AI},
  author={McCarthy, John},
  booktitle={Computers, chess, and cognition},
  pages={227--237},
  year={1990},
  publisher={Springer}
}