%deep learnign and chess
@article{thrun1995learning,
  title={Learning to play the game of chess},
  author={Thrun, Sebastian},
  journal={Advances in neural information processing systems},
  volume={7},
  year={1995},
  publisher={MORGAN KAUFMANN PUBLISHERS}
}
@article{oshripredicting,
  title={Predicting Moves in Chess using Convolutional Neural Networks},
  author={Oshri, Barak and Khandwala, Nishith},
  year={2015}
}
@article{mannen2003learning,
  title={Learning to play chess using reinforcement learning with database 
games},
  author={Mannen, Henk},
  journal={Phil. uu. nl/preprints/ckiscripties},
  pages={11--34},
  year={2003}
}
%chess citations 

@book{de1996perception,
  title={Perception and memory in chess: Studies in the heuristics of the 
professional eye.},
  author={De Groot, Adriaan D and Gobet, Fernand and Jongman, Riekent W},
  year={1996},
  publisher={Van Gorcum \& Co}
}
@article{chase1973perception,
  title={Perception in chess},
  author={Chase, William G and Simon, Herbert A},
  journal={Cognitive psychology},
  volume={4},
  number={1},
  pages={55--81},
  year={1973},
  publisher={Elsevier}
}
@article{shannon1950xxii,
  title={XXII. Programming a computer for playing chess},
  author={Shannon, Claude E},
  journal={The London, Edinburgh, and Dublin Philosophical Magazine and Journal 
of Science},
  volume={41},
  number={314},
  pages={256--275},
  year={1950},
  publisher={Taylor \& Francis}
}
@book{fraenkel1981computing,
  title={Computing a perfect strategy for n$\times$ n chess requires time 
exponential in n},
  author={Fraenkel, Aviezri S and Lichtenstein, David},
  year={1981},
  publisher={Springer}
}
@inproceedings{zermelo1913anwendung,
  title={{\"U}ber eine Anwendung der Mengenlehre auf die Theorie des 
Schachspiels},
  author={Zermelo, Ernst},
  booktitle={Proceedings of the fifth international congress of mathematicians},
  volume={2},
  pages={501--504},
  year={1913},
  organization={II, Cambridge UP, Cambridge}
}
@article{ericsson2007making,
  title={The making of an expert},
  author={Ericsson, K Anders and Prietula, Michael J and Cokley, Edward 
T},
  journal={Harvard business review},
  volume={85},
  number={7-8},
  year={2007},
  publisher={Harvard Business School Publishing Corporation}
}
@book{ericsson2006cambridge,
  title={The Cambridge handbook of expertise and expert performance},
  author={Ericsson, K Anders and Charness, Neil and Feltovich, Paul J and 
Hoffman, Robert R},
  year={2006},
  publisher={Cambridge University Press}
}
%deep learning citations
@article{hubel1963shape,
  title={Shape and arrangement of columns in cat's striate cortex},
  author={Hubel, DH and Wiesel, TN},
  journal={The Journal of physiology},
  volume={165},
  number={3},
  pages={559--568},
  year={1963},
  publisher={Wiley Online Library}
}
@inproceedings{krizhevsky2012imagenet,
  title={Imagenet classification with deep convolutional neural networks},
  author={Krizhevsky, Alex and Sutskever, Ilya and Hinton, Geoffrey E},
  booktitle={Advances in neural information processing systems},
  pages={1097--1105},
  year={2012}
}
@article{tompson2014efficient,
  title={Efficient object localization using convolutional networks},
  author={Tompson, Jonathan and Goroshin, Ross and Jain, Arjun and LeCun, Yann 
and Bregler, Christopher},
  journal={arXiv preprint arXiv:1411.4280},
  year={2014}
}
@inproceedings{taigman2014deepface,
  title={Deepface: Closing the gap to human-level performance in face 
verification},
  author={Taigman, Yaniv and Yang, Ming and Ranzato, Marc'Aurelio and Wolf, 
Lars},
  booktitle={Computer Vision and Pattern Recognition (CVPR), 2014 IEEE 
Conference on},
  pages={1701--1708},
  year={2014},
  organization={IEEE}
}textsc
@inproceedings{ciresan2012multi,
  title={Multi-column deep neural networks for image classification},
  author={Ciresan, Dan and Meier, Ueli and Schmidhuber, J{\"u}rgen},
  booktitle={Computer Vision and Pattern Recognition (CVPR), 2012 IEEE 
Conference on},
  pages={3642--3649},
  year={2012},
  organization={IEEE}
}

@article{maddison2014move,
  title={Move Evaluation in Go Using Deep Convolutional Neural Networks},
  author={Maddison, Chris J and Huang, Aja and Sutskever, Ilya and Silver, 
David},
  journal={arXiv preprint arXiv:1412.6564},
  year={2014}
}
@incollection{sutskever2008mimicking,
  title={Mimicking Go experts with convolutional neural networks},
  author={Sutskever, Ilya and Nair, Vinod},
  booktitle={Artificial Neural Networks-ICANN 2008},
  pages={101--110},
  year={2008},
  publisher={Springer}
}

%gameplaying and arcade learning citations
@article{deepmind_nips,
  title={Playing atari with deep reinforcement learning},
  author={Mnih, Volodymyr and Kavukcuoglu, Koray and Silver, David and Graves, 
Alex and Antonoglou, Ioannis and Wierstra, Daan and Riedmiller, Martin},
  journal={arXiv preprint arXiv:1312.5602},
  year={2013}
}
@inproceedings{guo2014deep,
  title={Deep learning for real-time Atari game play using offline Monte-Carlo 
tree search planning},
  author={Guo, Xiaoxiao and Singh, Satinder and Lee, Honglak and Lewis, Richard 
L and Wang, Xiaoshi},
  booktitle={Advances in Neural Information Processing Systems},
  pages={3338--3346},
  year={2014}
}

%caffe
@article{jia2014caffe,
  Author = {Jia, Yangqing and Shelhamer, Evan and Donahue, Jeff and Karayev, 
Sergey and Long, Jonathan and Girshick, Ross and Guadarrama, Sergio and Darrell, 
Trevor},
  Journal = {arXiv preprint arXiv:1408.5093},
  Title = {Caffe: Convolutional Architecture for Fast Feature Embedding},
  Year = {2014}
}
%keras
@misc{keras,
  author = {Fran\c{c}ois Chollet},
  title = {Keras},
  year = {2015},
  publisher = {GitHub},
  journal = {GitHub repository},
  howpublished = {\url{https://github.com/fchollet/keras}},
  commit = {0d6c55d5f0d4190205891ddafd6ca6b80ca7f441}
}
@misc{sunfish,
  author = {Thomas Dybdahl Ahle},
  title = {Sunfish},
  year = {2015},
  publisher = {GitHub},
  journal = {GitHub repository},
  howpublished = {\url{https://github.com/thomasahle/sunfish}},
  commit = {22e9f5dd093013eb065e156c01093c47aa4d942d}
}

%representation power of deep learning
@unpublished{bengio-dl-book,
    title={Deep Learning},
    author={Yoshua Bengio and Ian J. Goodfellow and Aaron Courville},
    note={Book in preparation for MIT Press},
    url={http://www.iro.umontreal.ca/~bengioy/dlbook},
    year={2015}
}
@article{hornik1989multilayer,
  title={Multilayer feedforward networks are universal approximators},
  author={Hornik, Kurt and Stinchcombe, Maxwell and White, Halbert},
  journal={Neural networks},
  volume={2},
  number={5},
  pages={359--366},
  year={1989},
  publisher={Elsevier}
}
@article{levine2015end,
  title={End-to-End Training of Deep Visuomotor Policies},
  author={Levine, Sergey and Finn, Chelsea and Darrell, Trevor and Abbeel, 
Pieter},
  journal={arXiv preprint arXiv:1504.00702},
  year={2015}
}
@book{sutton1998reinforcement,
  title={Reinforcement learning: An introduction},
  author={Sutton, Richard S and Barto, Andrew G},
  volume={1},
  number={1},
  year={1998},
  publisher={MIT press Cambridge}
}
@article{sutton1988learning,
  title={Learning to predict by the methods of temporal differences},
  author={Sutton, Richard S},
  journal={Machine learning},
  volume={3},
  number={1},
  pages={9--44},
  year={1988},
  publisher={Springer}
}
@INPROCEEDINGS{Barto89learningand,
    author = {Andrew G. Barto and R. S. Sutton and C. J. C. H. Watkins},
    title = {Learning and Sequential Decision Making},
    booktitle = {LEARNING AND COMPUTATIONAL NEUROSCIENCE},
    year = {1989},
    pages = {539--602},
    publisher = {MIT Press}
}
@article{campbell2002deep,
  title={Deep blue},
  author={Campbell, Murray and Hoane, A Joseph and Hsu, Feng-hsiung},
  journal={Artificial intelligence},
  volume={134},
  number={1},
  pages={57--83},
  year={2002},
  publisher={Elsevier}
}
@misc{cnn-news,
  title={Deep Blue vs Kasparov: Rematch},
  author={CNN, news},
  year={1997},
  url={http://edition.cnn.com/WORLD/9705/03/chess.rematch/index.html}
}
@article{baxter2000learning,
  title={Learning to play chess using temporal differences},
  author={Baxter, Jonathan and Tridgell, Andrew and Weaver, Lex},
  journal={Machine Learning},
  volume={40},
  number={3},
  pages={243--263},
  year={2000},
  publisher={Springer}
}
@article{beal1999learning,
  title={Learning piece-square values using temporal differences},
  author={Beal, DF and Smith, MC},
  journal={ICCA JOURNAL},
  volume={22},
  number={4},
  pages={223--235},
  year={1999},
  publisher={INTL COMPUTER CHESS ASSN UNIV LIMBURG, DEPT COMPUTER SCI FACULTY 
GENERAL SCIENCES PO BOX 616, 6200 MAASTRICHT, NETHERLANDS}
}
@article{beal1997learning,
  title={Learning piece values using temporal differences},
  author={Beal, Donald F and Smith, Martin C},
  journal={Journal of The International Computer Chess Association},
  volume={20},
  number={3},
  pages={147--151},
  year={1997}
}

@article{hyatt1999book,
  title={Book learning-a methodology to tune an opening book automatically},
  author={Hyatt, Robert M},
  journal={ICCA JOURNAL},
  volume={22},
  number={1},
  pages={3--12},
  year={1999},
  publisher={INTL COMPUTER CHESS ASSN UNIV LIMBURG, DEPT COMPUTER SCI FACULTY 
GENERAL SCIENCES PO BOX 616, 6200 MAASTRICHT, NETHERLANDS}
}

%new: ML and chess
@misc{gleich2003machine,
  title={Machine Learning in Computer Chess: Genetic Programming and KRK},
  author={Gleich, David},
  year={2003},
  publisher={Web: http://citeseerx.ist.psu.edu/viewdoc/download}
}
@misc{ wiki:rybka,
  author = {{Rybka}},
  title = "Rybka --- {W}ikipedia{,} The Free Encyclopedia",
  year = "2015",
  url = 
"https://en.wikipedia.org/wiki/Rybka",
  note = "[Online; accessed 8-July-2015]"
}
@misc{ wiki:deepfritz,
 author = {{Deep Fritz}},
  title = "Fritz (chess) --- {W}ikipedia{,} The Free Encyclopedia",
  year = "2015",
  url = 
"https://en.wikipedia.org/wiki/Fritz_(chess)",
  note = "[Online; accessed 8-July-2015]"
}

@article{bilalic-mcleod-07_does-chess-need-intelligence_young-chess-players,
  title={Does chess need intelligence?—A study with young chess players},
  author={Bilali{\'c}, Merim and McLeod, Peter and Gobet, Fernand},
  journal={Intelligence},
  volume={35},
  number={5},
  pages={457--470},
  year={2007},
  publisher={Elsevier},
}
@article{gobet-clarkson-04memory_chunks,
  title={Chunks in expert memory: Evidence for the magical number four... or is 
it two?},
  author={Gobet, F. and Clarkson, G.},
  journal={Memory},
  volume={12},
  number={6},
  pages={732--747},
  year={2004},
  publisher={Psychology Press}
}
@article{baxter-tridgell-00_learning-to-play-chess-using-temporal-differences,
  title={Learning to play chess using temporal differences},
  author={Baxter, Jonathan and Tridgell, Andrew and Weaver, Lex},
  journal={Machine Learning},
  volume={40},
  number={3},
  pages={243--263},
  year={2000},
  publisher={Springer},
  annote = {
}}


@inproceedings{
kendall-whitwell-01_evolutionary-tuning-of-chess-evaluation-function,
  title={An evolutionary approach for the tuning of a chess evaluation function 
using population dynamics},
  author={Kendall, Graham and Whitwell, Glenn},
  booktitle={Evolutionary Computation, 2001. Proceedings of the 2001 Congress 
on},
  volume={2},
  pages={995--1002},
  year={2001},
  organization={IEEE},
  annote = {
}}
@article{bovskovic-brest-11_tuning-chess-evaluation-w-differential-evolution,
  title={Tuning Chess Evaluation Function Parameters using Differential 
Evolution Algorithm},
  author={Bo{\v{s}}kovi{\'c}, Borko and Brest, Janez},
  journal={Informatica},
  volume={35},
  number={2},
  year={2011}
}


@inproceedings{vazquez-coello-12_evolutionary_hooke-jeeves-algo_chess-evaluation
,
  title={An evolutionary algorithm coupled with the Hooke-Jeeves algorithm for 
tuning a chess evaluation function},
  author={V{\'a}zquez-Fern{\'a}ndez, Eduardo and Coello, Carlos A Coello and 
Troncoso, Feli{\'u} D Sagols},
  booktitle={Evolutionary Computation (CEC), 2012 IEEE Congress on},
  pages={1--8},
  year={2012},
  organization={IEEE}
}

@article{baxter1999tdleaf,
  title={TDLeaf (lambda): Combining temporal difference learning with game-tree 
search},
  author={Baxter, Jonathan and Tridgell, Andrew and Weaver, Lex},
  journal={arXiv preprint cs/9901001},
  year={1999}
}
@article{baxter1999knightcap,
  title={Knightcap: a chess program that learns by combining td (lambda) with 
game-tree search},
  author={Baxter, Jonathan and Tridgell, Andrew and Weaver, Lex},
  journal={arXiv preprint cs/9901002},
  year={1999}
}
@article{epstein-01_learning-to-play-expertly-tutorial-on-hoyle,
  title={Learning to play expertly: A tutorial on Hoyle},
  author={Epstein, Susan L},
  journal={Machines that learn to play games},
  pages={153--178},
  year={2001}
}
@article{furnkranz-01_machine-learning-in-games-survey,
  title={Machine learning in games: A survey},
  author={F{\"u}rnkranz, Johannes},
  journal={Machines that learn to Play Games},
  pages={11--59},
  year={2001},
  publisher={Huntington, NY: Nova Science Publishers}
}
@article{tsne,
  title={Visualizing data using t-SNE},
  author={van der Maaten, Laurens and Hinton, Geoffrey},
  journal={The Journal of Machine Learning Research},
  volume={9},
  number={2579-2605},
  pages={85},
  year={2008}
}